% Encoding: UTF-8

@book{Awrejcewicz2012,
  title     = {{Classical Mechanics: Kinematics and Statics}},
  publisher = {{Springer}},
  year      = {2012},
  author    = {Jan Awrejcewicz},
}

@book{NASA-TP-2015-218751,
  title     = {{NDARC - NASA Design and Analysis of Rotorcraft}},
  publisher = {{National Aeronautics and Space Administration, TP-2015-218751}},
  year      = {2015},
  author    = {Wayne Johnson},
}

@book{Raymer2018,
  title     = {{Aircraft Design: A Conceptual Approach}},
  publisher = {{American Institute of Aeronautics and Astronautics}},
  year      = {2018},
  author    = {Daniel P. Raymer},
}

@book{Taylor2005,
  title     = {{Classical Mechanics}},
  publisher = {{University Science Books}},
  year      = {2005},
  author    = {John R. Taylor},
}
